<?xml version="1.0" encoding="UTF-8"?><collection xmlns="http://www.loc.gov/MARC21/slim"><record><leader>00405nam--2200121-i-4500</leader><controlfield tag="001">000005252</controlfield><controlfield tag="002">20161230</controlfield><controlfield tag="005">20161230201026</controlfield><controlfield tag="008">060222s1000------------r-----000-0-eng-d</controlfield><datafield ind1=" " ind2=" " tag="245"><subfield code="a">Comparative effects of radiation. report of a conference held in san juan at the university of puerto rico, febr.15-19, 1960</subfield></datafield><datafield ind1=" " ind2=" " tag="260"><subfield code="a">New York, John Wiley &amp; Sons, Inc., 1960</subfield></datafield><datafield ind1=" " ind2=" " tag="490"><subfield code="a">Xx + 426 P</subfield></datafield><datafield ind1=" " ind2=" " tag="700"><subfield code="a">Burton, M./S.A.</subfield></datafield></record></collection>